{
  "leader": "04037cam a2200553 i 4500",
  "fields": [
    {
      "001": "ocn925398080"
    },
    {
      "003": "OCoLC"
    },
    {
      "005": "20220105144508.0"
    },
    {
      "008": "160622s2016\\\\\\\\nyua\\\\\\\\\\b\\\\\\\\001\\0\\eng\\d"
    },
    {
      "010": {
        "ind1": "\\",
        "ind2": "\\",
        "subfields": [
          {
            "a": "  2016302095"
          }
        ]
      }
    },
    {
      "040": {
        "ind1": "\\",
        "ind2": "\\",
        "subfields": [
          {
            "a": "YDXCP"
          },
          {
            "b": "eng"
          },
          {
            "e": "rda"
          },
          {
            "c": "DLC"
          },
          {
            "d": "YDXCP"
          },
          {
            "d": "BDX"
          },
          {
            "d": "BTCTA"
          },
          {
            "d": "ON8"
          },
          {
            "d": "CO2"
          },
          {
            "d": "ABG"
          },
          {
            "d": "UOK"
          },
          {
            "d": "WRF"
          },
          {
            "d": "KEC"
          },
          {
            "d": "NDS"
          },
          {
            "d": "LMR"
          },
          {
            "d": "IAK"
          },
          {
            "d": "VP@"
          },
          {
            "d": "WVU"
          },
          {
            "d": "OKX"
          },
          {
            "d": "VLR"
          },
          {
            "d": "EEK"
          },
          {
            "d": "ITD"
          },
          {
            "d": "CHVBK"
          },
          {
            "d": "JYJ"
          },
          {
            "d": "ZLM"
          },
          {
            "d": "JHWCP"
          },
          {
            "d": "TXHUT"
          },
          {
            "d": "TXGCL"
          },
          {
            "d": "IGA"
          },
          {
            "d": "SHM"
          },
          {
            "d": "KSU"
          },
          {
            "d": "XFF"
          },
          {
            "d": "UPM"
          },
          {
            "d": "CGN"
          },
          {
            "d": "IPU"
          },
          {
            "d": "S3O"
          },
          {
            "d": "SFR"
          },
          {
            "d": "CSA"
          },
          {
            "d": "BYV"
          },
          {
            "d": "OCLCQ"
          },
          {
            "d": "TXSCH"
          },
          {
            "d": "TXSWM"
          },
          {
            "d": "OCLCQ"
          },
          {
            "d": "OCLCO"
          },
          {
            "d": "DHA"
          },
          {
            "d": "TXSVP"
          },
          {
            "d": "OCLCO"
          },
          {
            "d": "KJ6"
          },
          {
            "d": "OCLCQ"
          },
          {
            "d": "TFW"
          },
          {
            "d": "MBE"
          },
          {
            "d": "OCLCO"
          },
          {
            "d": "KSG"
          },
          {
            "d": "HVL"
          },
          {
            "d": "OCLCO"
          },
          {
            "d": "CNO"
          },
          {
            "d": "OCLCO"
          },
          {
            "d": "OCLCQ"
          },
          {
            "d": "OCLCO"
          },
          {
            "d": "OCL"
          },
          {
            "d": "OCLCO"
          },
          {
            "d": "CEF"
          },
          {
            "d": "M4L"
          },
          {
            "d": "TKN"
          },
          {
            "d": "XZ9"
          },
          {
            "d": "RCL"
          },
          {
            "d": "MUO"
          },
          {
            "d": "XOY"
          },
          {
            "d": "TXLAG"
          },
          {
            "d": "WLU"
          },
          {
            "d": "MOZ"
          },
          {
            "d": "FQG"
          },
          {
            "d": "SPP"
          },
          {
            "d": "HCO"
          },
          {
            "d": "B@L"
          },
          {
            "d": "CRU"
          },
          {
            "d": "BUDAP"
          },
          {
            "d": "IOW"
          },
          {
            "d": "OCLCQ"
          },
          {
            "d": "OCLCO"
          },
          {
            "d": "YLS"
          },
          {
            "d": "SJG"
          },
          {
            "d": "OCLCO"
          },
          {
            "d": "NAM"
          },
          {
            "d": "YCP"
          },
          {
            "d": "TWJ"
          },
          {
            "d": "S#L"
          },
          {
            "d": "LAL"
          },
          {
            "d": "OCLCQ"
          },
          {
            "d": "OCLCO"
          },
          {
            "d": "QS7"
          },
          {
            "d": "ZJA"
          },
          {
            "d": "OCLCA"
          },
          {
            "d": "JDP"
          },
          {
            "d": "KI2"
          },
          {
            "d": "VAN"
          },
          {
            "d": "URS"
          },
          {
            "d": "TJZ"
          },
          {
            "d": "PORTN"
          },
          {
            "d": "OCLCQ"
          },
          {
            "d": "OCLCO"
          },
          {
            "d": "UKMGB"
          },
          {
            "d": "OCLCQ"
          },
          {
            "d": "NJR"
          },
          {
            "d": "OCLCO"
          },
          {
            "d": "OCLCA"
          },
          {
            "d": "BDP"
          },
          {
            "d": "OCLCQ"
          },
          {
            "d": "OCLCO"
          },
          {
            "d": "OCLCQ"
          },
          {
            "d": "OCLCA"
          },
          {
            "d": "OCLCQ"
          },
          {
            "d": "KLG"
          },
          {
            "d": "OCLCA"
          },
          {
            "d": "OCLCQ"
          },
          {
            "d": "GAVCL"
          },
          {
            "d": "OCLCQ"
          },
          {
            "d": "L@N"
          },
          {
            "d": "DTM"
          }
        ]
      }
    },
    {
      "016": {
        "ind1": "7",
        "ind2": "\\",
        "subfields": [
          {
            "a": "017914252"
          },
          {
            "2": "Uk"
          }
        ]
      }
    },
    {
      "019": {
        "ind1": "\\",
        "ind2": "\\",
        "subfields": [
          {
            "a": "948567817"
          },
          {
            "a": "951477990"
          }
        ]
      }
    },
    {
      "020": {
        "ind1": "\\",
        "ind2": "\\",
        "subfields": [
          {
            "a": "9780670785971"
          },
          {
            "q": "(hbk.)"
          }
        ]
      }
    },
    {
      "020": {
        "ind1": "\\",
        "ind2": "\\",
        "subfields": [
          {
            "z": "9781101608487"
          },
          {
            "q": "(ebk)"
          }
        ]
      }
    },
    {
      "020": {
        "ind1": "\\",
        "ind2": "\\",
        "subfields": [
          {
            "a": "0670785970"
          }
        ]
      }
    },
    {
      "024": {
        "ind1": "3",
        "ind2": "\\",
        "subfields": [
          {
            "a": "9780670785971"
          },
          {
            "d": "52800"
          }
        ]
      }
    },
    {
      "035": {
        "ind1": "\\",
        "ind2": "\\",
        "subfields": [
          {
            "a": "(OCoLC)925398080"
          },
          {
            "z": "(OCoLC)948567817"
          },
          {
            "z": "(OCoLC)951477990"
          }
        ]
      }
    },
    {
      "042": {
        "ind1": "\\",
        "ind2": "\\",
        "subfields": [
          {
            "a": "lccopycat"
          }
        ]
      }
    },
    {
      "043": {
        "ind1": "\\",
        "ind2": "\\",
        "subfields": [
          {
            "a": "n-us---"
          }
        ]
      }
    },
    {
      "050": {
        "ind1": "0",
        "ind2": "0",
        "subfields": [
          {
            "a": "HN90.S6"
          },
          {
            "b": "I84 2016"
          }
        ]
      }
    },
    {
      "055": {
        "ind1": "\\",
        "ind2": "3",
        "subfields": [
          {
            "a": "HN90 S6"
          },
          {
            "b": "I84"
          }
        ]
      }
    },
    {
      "082": {
        "ind1": "0",
        "ind2": "4",
        "subfields": [
          {
            "a": "305.50973"
          },
          {
            "b": "ISE"
          }
        ]
      }
    },
    {
      "100": {
        "ind1": "1",
        "ind2": "\\",
        "subfields": [
          {
            "a": "Isenberg, Nancy,"
          },
          {
            "e": "author."
          }
        ]
      }
    },
    {
      "245": {
        "ind1": "1",
        "ind2": "0",
        "subfields": [
          {
            "a": "White trash :"
          },
          {
            "b": "the 400-year untold history of class in America /"
          },
          {
            "c": "Nancy Isenberg."
          }
        ]
      }
    },
    {
      "264": {
        "ind1": "\\",
        "ind2": "1",
        "subfields": [
          {
            "a": "New York, New York :"
          },
          {
            "b": "Viking,"
          },
          {
            "c": "[2016]"
          }
        ]
      }
    },
    {
      "264": {
        "ind1": "\\",
        "ind2": "4",
        "subfields": [
          {
            "c": "\u00a92016"
          }
        ]
      }
    },
    {
      "300": {
        "ind1": "\\",
        "ind2": "\\",
        "subfields": [
          {
            "a": "xvii, 460 pages :"
          },
          {
            "b": "illustrations ;"
          },
          {
            "c": "25 cm"
          }
        ]
      }
    },
    {
      "336": {
        "ind1": "\\",
        "ind2": "\\",
        "subfields": [
          {
            "a": "text"
          },
          {
            "b": "txt"
          },
          {
            "2": "rdacontent"
          }
        ]
      }
    },
    {
      "337": {
        "ind1": "\\",
        "ind2": "\\",
        "subfields": [
          {
            "a": "unmediated"
          },
          {
            "b": "n"
          },
          {
            "2": "rdamedia"
          }
        ]
      }
    },
    {
      "338": {
        "ind1": "\\",
        "ind2": "\\",
        "subfields": [
          {
            "a": "volume"
          },
          {
            "b": "nc"
          },
          {
            "2": "rdacarrier"
          }
        ]
      }
    },
    {
      "504": {
        "ind1": "\\",
        "ind2": "\\",
        "subfields": [
          {
            "a": "Includes bibliographical references (pages 323-446) and index."
          }
        ]
      }
    },
    {
      "505": {
        "ind1": "0",
        "ind2": "\\",
        "subfields": [
          {
            "a": "Fables we forget by -- To begin the world anew. Taking out the trash : waste people in the New World ; John Locke's Lubberland : the settlements of Carolina and Georgia ; Benjamin Franklin's American breed : the demographics of mediocrity ; Thomas Jefferson's rubbish : a curious topography of class ; Andrew Jackson's cracker country : the squatter as common man -- Degeneration of the American Breed. Pedigree and poor white trash : bad blood, half-breeds and clay-eaters ; Cowards, Poltroons, and mudsills : civil war as class warfare ; Thoroughbreds and scalawags : bloodlines and bastard stock in the age of eugenics ; Forgotten men and poor folk : downward mobility and the Great Depression ; The cult of the country boy : Elvis Presley, Andy Griffith, and LBJ's Great Society -- The white trash makeover. Redneck roots : Deliverance, Billy Beer, and Tammy Faye ; Outing Rednecks : slumming, Slick Willie, and Sarah Palin -- America's strange breed : the long legacy of white trash."
          }
        ]
      }
    },
    {
      "520": {
        "ind1": "\\",
        "ind2": "\\",
        "subfields": [
          {
            "a": "\"A history of the class system in America from the colonial era to the present illuminates the crucial legacy of the underprivileged white demographic, citing the pivotal contributions of lower-class white workers in wartime, social policy, and the rise of the Republican Party, \"--NoveList."
          }
        ]
      }
    },
    {
      "650": {
        "ind1": "\\",
        "ind2": "0",
        "subfields": [
          {
            "a": "Social classes"
          },
          {
            "z": "United States"
          },
          {
            "x": "History."
          }
        ]
      }
    },
    {
      "650": {
        "ind1": "\\",
        "ind2": "0",
        "subfields": [
          {
            "a": "Poor whites"
          },
          {
            "z": "United States"
          },
          {
            "x": "Social conditions"
          },
          {
            "x": "History."
          }
        ]
      }
    },
    {
      "650": {
        "ind1": "\\",
        "ind2": "0",
        "subfields": [
          {
            "a": "Working class whites"
          },
          {
            "z": "United States"
          },
          {
            "x": "Social conditions"
          },
          {
            "x": "History."
          }
        ]
      }
    },
    {
      "650": {
        "ind1": "\\",
        "ind2": "2",
        "subfields": [
          {
            "a": "Eugenics"
          },
          {
            "x": "history."
          }
        ]
      }
    },
    {
      "651": {
        "ind1": "\\",
        "ind2": "2",
        "subfields": [
          {
            "a": "United States."
          }
        ]
      }
    },
    {
      "650": {
        "ind1": "\\",
        "ind2": "7",
        "subfields": [
          {
            "a": "Working class whites"
          },
          {
            "x": "Social conditions."
          },
          {
            "2": "fast"
          },
          {
            "0": "(OCoLC)fst01180567"
          }
        ]
      }
    },
    {
      "650": {
        "ind1": "\\",
        "ind2": "7",
        "subfields": [
          {
            "a": "Social classes."
          },
          {
            "2": "fast"
          },
          {
            "0": "(OCoLC)fst01122346"
          }
        ]
      }
    },
    {
      "651": {
        "ind1": "\\",
        "ind2": "7",
        "subfields": [
          {
            "a": "United States."
          },
          {
            "2": "fast"
          },
          {
            "0": "(OCoLC)fst01204155"
          }
        ]
      }
    },
    {
      "655": {
        "ind1": "\\",
        "ind2": "7",
        "subfields": [
          {
            "a": "History."
          },
          {
            "2": "fast"
          },
          {
            "0": "(OCoLC)fst01411628"
          }
        ]
      }
    },
    {
      "856": {
        "ind1": "4",
        "ind2": "1",
        "subfields": [
          {
            "3": "Sample text"
          },
          {
            "u": "https://www.loc.gov/catdir/enhancements/fy1618/2016302095-s.html"
          }
        ]
      }
    },
    {
      "856": {
        "ind1": "4",
        "ind2": "2",
        "subfields": [
          {
            "3": "Contributor biographical information"
          },
          {
            "u": "https://www.loc.gov/catdir/enhancements/fy1618/2016302095-b.html"
          }
        ]
      }
    },
    {
      "856": {
        "ind1": "4",
        "ind2": "2",
        "subfields": [
          {
            "3": "Publisher description"
          },
          {
            "u": "https://www.loc.gov/catdir/enhancements/fy1618/2016302095-d.html"
          }
        ]
      }
    },
    {
      "994": {
        "ind1": "\\",
        "ind2": "\\",
        "subfields": [
          {
            "a": "Z0"
          },
          {
            "b": "NYRVC"
          }
        ]
      }
    },
    {
      "948": {
        "ind1": "\\",
        "ind2": "\\",
        "subfields": [
          {
            "h": "NO HOLDINGS IN NYRVC - 2526 OTHER HOLDINGS"
          }
        ]
      }
    },
    {
      "999": {
        "ind1": "\\",
        "ind2": "\\",
        "subfields": [
          {
            "a": "No barcode."
          }
        ]
      }
    }
  ]
}